@book{bovet2005understanding,
  title={Understanding the Linux kernel},
  author={Bovet, Daniel P and Cesati, Marco},
  year={2005},
  publisher={" O'Reilly Media, Inc."}
}
@book{love2010linux,
  title={Linux kernel development},
  author={Love, Robert},
  year={2010},
  publisher={Pearson Education}
}
@article{schach2002maintainability,
  title={Maintainability of the Linux kernel},
  author={Schach, Stephen R. and Jin, Bo and Wright, David R. and Heller, Gillian Z. and Offutt, A. Jefferson},
  journal={IEE Proceedings-Software},
  volume={149},
  number={1},
  pages={18--23},
  year={2002},
  publisher={IET}
}
@article{thayer1997software,
  title={Software requirements engineering glossary},
  author={Thayer, R and Dorfman, Merlin},
  year={1997},
  publisher={Wiley-IEEE Press}
}
@article{corbet2015linux,
  title={Linux kernel development. how fast it is going, who is doing it, what they are doing, and who is sponsoring the work},
  author={Corbet, J and Kroah-Hartman, G and McPherson, A},
  journal={Online: http://www. linuxfoundation. org/publications/linux-foundation/who-writes-linux-2015.[Retrieved 2016-01-01.]},
  year={2015}
}

@inproceedings{stankov2006discussion,
  title={Discussion of Microkernel and Monolithic Kernel Approaches},
  author={Stankov, Ivan and Spasov, Grisha},
  booktitle={International Scientific Conference Computer Science},
  year={2006}
}

@article{kconfig,
title = {kconfig-language},
author = {},
year = {2015},
journal = {https://www.kernel.org/doc/Documentation/kbuild/kconfig-language.txt}
}

@article{kpatch,
  title={Introducing kpatch: Dynamic Kernel Patching},
  author ={},
  year={2014},
  journal={http://rhelblog.redhat.com/2014/02/26/kpatch/}
}

@article{linuxcounter,
title = {Lines of code of the Linux Kernel Versions},
author ={ linuxcounter.net},
year = {2015},
journal = {https://www.linuxcounter.net/statistics/kernel}
}

@article{linuxtimeline,
title = {linuxjournal.com},
author ={  LWN and LJ Staff},
year = {2015},
journal = {http://www.linuxjournal.com/article/6000}
}

@article{kernelmap,
title = {"Linux kernel map" by Conan at English Wikipedia.  Licensed under CC BY 3.0 via Commons.},
author ={Conan},
year = {2015},
journal = {https://commons.wikimedia.org/wiki/Linux\_kernel\#/ media/File:Linux\_kernel\_map.png}
}

@book{mauerer2010professional,
  title={Professional Linux kernel architecture},
  author={Mauerer, Wolfgang},
  year={2010},
  publisher={John Wiley \& Sons}
}

@article{almquist1992type,
  title={Type of service in the internet protocol suite},
  author={Almquist, Philip},
  year={1992}
}

@book{Corbet:2005:LDD:1209083,
 author = {Corbet, Jonathan and Rubini, Alessandro and Kroah-Hartman, Greg},
 title = {Linux Device Drivers, 3rd Edition},
 year = {2005},
 isbn = {0596005903},
 publisher = {O'Reilly Media, Inc.},
} 

@article{kgraft-1,
title = {Reboot Reloaded: Patching the Linux Kernel Online},
author ={Austin Joseph},
year = {2015},
journal = {https://www.suse.com/communities/blog/reboot-reloaded-patching-the-linux-kernel-online/}
}

@article{kgraft-2,
title = {Linux kernel live patching kGraft},
author ={V4711},
year = {2014},
journal = {https://en.wikipedia.org/wiki/KGraft\#/media/File:Linux \_kernel\_live\_patching\_kGraft1.svg}
}

@inproceedings{le2005gnu,
  title={The GNU Hurd},
  author={Le Mignot, Gael},
  booktitle={Extended Abstract of Talk at Libre Software Meeting, Dijon, France},
  year={2005}
}
